@Article{riffe2015ttd,
  Title                    = {Time-to-death patterns in markers of age and dependency},
  Author                   = {{Riffe, T.} and Chung, P. H. and Spijker, J. and MacInnes, J.},
  Journal                  = {MPIDR Working Papers},
  Year                     = {2015},
  Number                   = {3},
  Pages                    = {25},
  Volume                   = {WP-2015},

  Owner                    = {riffe},
  Timestamp                = {2015.08.05}
}

@article{imai2007estimation,
  title={On the estimation of disability-free life expectancy: Sullivan's method and its extension},
  author={Imai, Kosuke and Soneji, Samir},
  journal={Journal of the American Statistical Association},
  volume={102},
  number={480},
  pages={1199--1211},
  year={2007},
  publisher={Taylor \& Francis}
}